<?xml version="1.0" encoding="UTF-8"?><collection xmlns="http://www.loc.gov/MARC21/slim"><record><leader>00418nam--2200157-i-4500</leader><controlfield tag="001">000014535</controlfield><controlfield tag="002">20161230</controlfield><controlfield tag="005">20170115221710</controlfield><controlfield tag="008">060222s1000------------r-----000-0-eng-d</controlfield><datafield ind1=" " ind2=" " tag="080"><subfield code="a">577.112:577.355:621.375.826</subfield></datafield><datafield ind1=" " ind2=" " tag="245"><subfield code="a">Biological events probed ultafast spectroscopy</subfield></datafield><datafield ind1=" " ind2=" " tag="260"><subfield code="a">New York</subfield><subfield code="b">Academic Press</subfield><subfield code="c">1982</subfield></datafield><datafield ind1=" " ind2=" " tag="300"><subfield code="a">XIV+443 p</subfield></datafield><datafield ind1=" " ind2=" " tag="700"><subfield code="a">Alfano, R. R</subfield></datafield><datafield ind1=" " ind2=" " tag="852"><subfield code="a">71374</subfield></datafield><datafield ind1=" " ind2=" " tag="CAT"><subfield code="a">SYS</subfield><subfield code="c">20170115</subfield><subfield code="h">221710</subfield></datafield></record></collection>